%TO-DO: define your references
@article{akerlof1970,
  author   ={George A. Akerlof},
  title    ={The Market for "Lemons": Quality Uncertainty and the Market Mechanism},
  journal  = {The Quarterly Journal of Economics},
  year     = {1970},
  volume   = {84},
  number   = {3},
  pages    = {488--500},
}

@article{romer1990endogenous,
  title={Endogenous Technological Change},
  author={Romer, Paul M.},
  journal={Journal of Political Economy},
  volume={98},
  number={5},
  pages={71--102},
  year={1990},
  publisher={The University of Chicago Press}
}

@mastersthesis{key,
    author = 1,
    title = 2,
    school = 4,
    year = 3
}